@inproceedings{kop2021eu,
  title={{EU Artificial Intelligence Act: The European Approach to AI}},
  author={Kop, Mauritz},
  year={2021},
  organization={Stanford-Vienna Transatlantic Technology Law Forum, Transatlantic Antitrust~…}
}

@article{ebers2021standardizing,
  title={{Standardizing AI-The Case of the European Commission's Proposal for an Artificial Intelligence Act}},
  author={Ebers, Martin},
  journal={The Cambridge Handbook of Artificial Intelligence: Global Perspectives on Law and Ethics},
  year={2021}
}
@article{fraunhofertrustworthy,
  title={{Trustworthy AI for Intelligent Traffic Systems (ITS)}},
  author={Fraunhofer and IKS},
  year={2022}
}
@article{de2022humpty,
  title={{Humpty Dumpty and High-Risk {AI} Systems: The Ratione Materiae Dimension of the Proposal for an EU Artificial Intelligence Act}},
  author={{De Cooman}, Jerome},
  journal={Mkt. \& Competition L. Rev.},
  volume={6},
  pages={49},
  year={2022},
  publisher={HeinOnline}
}

@article{fink2021eu,
  title={{The EU Artificial Intelligence Act and access to justice}},
  author={Fink, Melanie},
  journal={EU Law Live},
  year={2021}
}
@article{HLEG_2019,
  title={{ETHICS GUIDELINES FOR TRUSTWORTHY AI}},
  author={{High-Level Expert Group}},
  year={2019}
}
@misc{umweltbundesamt, 
    title={{Rolle des Verkehrssektors bei den Treibhausgasemissionen in Deutschland}},
    note={\url{https://www.umweltbundesamt.de/sites/default/files/medien/366/bilder/rolle_verkehrssektor_treibhausgase_2021.png} last visited on 01.12.2022}, 
    author={Umweltbundesamt}, 
    year={2022}
} 
@article{lutge2022risk,
  title={{On a Risk-Based Assessment Approach to AI Ethics Governance}},
  author={Lütge, Christoph and Hohma, Ellen and Boch, Auxane and Poszler, Franziska and Corrigan, Caitlin},
  year={2022}
}
@article{madiega2021artificial,
  title={{Artificial intelligence act}},
  author={Madiega, {Tambiama Andre}},
  year={2021},
  publisher={EPRS: European Parliamentary Research Service}
}
@article{optimized_traffic_flows_and_improved_pedestrian_safety_2022, 
    title={{Traffic lights controlled using artificial intelligence}}, url={https://www.fraunhofer.de/en/press/research-news/2022/february-2022/traffic-lights-controlled-using-artificial-intelligence.html}, 
    journal={Optimized traffic flows and improved pedestrian safety}, 
    author={{Fraunhofer IOSB-INA}},
    year={2022}, 
    month={Feb}
} 
@misc{publisher_2022, 
    title={{Künstliche Intelligenz für Lichtsignalanlagen – KI4LSA}},
    note={\url{https://bmdv.bund.de/SharedDocs/DE/Artikel/DG/mfund-projekte/ki4lsa.html} last visited on 01.12.2022}, 
    author={BMDV}, 
    year={2022}, 
    month={Sep}
} 
@misc{bundesministerium_für_wirtschaft_und_klimaschutz_2022, 
    title={{KI4LSA - Künstliche Intelligenz für Lichtsignalanlagen}},
    note={\url{https://www.bmwk.de/Redaktion/DE/Wettbewerb/Finalisten/finalist-ki4lsa.html} last visited on 01.12.2022},
    journal={BMWK}, 
    author={{Bundesministerium für Wirtschaft und Klimaschutz}}, 
    year={2022}
} 
@misc{seick, 
    title={{KI4LSA and KI4PED - General Overview}},
    author={Seick, {Jens-Peter}},
    year={2022}, 
    month={Nov}
    } 

 @misc{bmdv_2022, 
    title={{Verkehr in Zahlen 2020/2021 (Korrekturversion vom 13.04.2021)}},
    url={https://www.bmdv.bund.de/SharedDocs/DE/Publikationen/G/verkehr-in-zahlen-2020-pdf}, journal={BMDV},
    author={DLR and DIW},
    year={2021},
    month={Apr}} 
 
 @article{traffic_signal_control_with_rl,
    title={{Safe and Psychologically Pleasant Traffic Signal Control with Reinforcement Learning using Action Masking}},
    howpublished={\url{https://arxiv.org/abs/2206.10122}},
    author={Arthur Müller and Matthia Sabatelli},
    year={2022},
    month={Jun}
 }
 
 @article{KI4LSA_presentation,
    title={{Ki4LSA - Künstliche Intelligenz für Lichtsignalanlagen Projektabschlusstreffen}},
    author={Arthur Müller},
    year={2022},
    month={Aug}
    }
@article{(Muller_et al., 2021)l,
    title={{Towards real-world deployment of reinforcement learning for Traffic Signal Control}},
    howpublished={\url{https://doi.org/10.1109/ICMLA52953.2021.00085}},
    author={Arthur Müller and Marco Wiering},
    year={2021}
 }

@misc{NVIDIA_Jetson_AGX_2022,
    title={{NVIDIA Jetson AGX Xavier Benchmarks - Incredible Performance On The Edge}},
    month={Dec},
    note={\url{https://phoronix.com/review/nvidia-jetson-xavier} last visited on 04.12.22},
    author={Michael Larabe},
    year={2022}    
}

@article{ai_act,
    title={{LAYING DOWN HARMONISED RULES ON ARTIFICIAL INTELLIGENCE (ARTIFICIAL INTELLIGENCE ACT) AND AMENDING CERTAIN UNION LEGISLATIVE ACTS}},
    author={{European Commission}},
    year={2021},
    month={Apr}
    }